@misc{lones2011sean,
  title={Sean Luke: essentials of metaheuristics},
  author={Lones, Michael},
  year={2011},
  publisher={Springer}
}

@book{kennedy2001swarm,
  title={Swarm intelligence},
  author={Kennedy, James F and Kennedy, James and Eberhart, Russell C and Shi, Yuhui},
  year={2001},
  publisher={Morgan Kaufmann}
}

@book{eiben2003introduction,
  title={Introduction to evolutionary computing},
  author={Eiben, Agoston E and Smith, James E and others},
  volume={53},
  year={2003},
  publisher={Springer}
}

@article{kulis2001bio,
  title={Bio-Inspired Artificial Intelligence: Theories, Methods, and Technologies},
  author={Kulis, Anthony},
  journal={Scalable Computing: Practice and Experience},
  volume={10},
  number={4},
  year={2001}
}

@article{dorigo2006ant,
  title={Ant colony optimization},
  author={Dorigo, Marco and Birattari, Mauro and Stutzle, Thomas},
  journal={IEEE computational intelligence magazine},
  volume={1},
  number={4},
  pages={28--39},
  year={2006},
  publisher={IEEE}
}

@book{dorigo2008ant,
  title={Ant Colony Optimization and Swarm Intelligence: 6th International Conference, ANTS 2008, Brussels, Belgium, September 22-24, 2008, Proceedings},
  author={Dorigo, Marco and Birattari, Mauro and Blum, Christian and Clerc, Maurice and St{\"u}tzle, Thomas and Winfield, Alan},
  volume={5217},
  year={2008},
  publisher={Springer}
}

@article{dorigo2005ant,
  title={Ant colony optimization theory: A survey},
  author={Dorigo, Marco and Blum, Christian},
  journal={Theoretical computer science},
  volume={344},
  number={2-3},
  pages={243--278},
  year={2005},
  publisher={Elsevier}
}

@misc{mck95,
  title={Introduction to Robotics},
  author={Mckerrow, P. J.},
  year={1995},
  publisher={Addison Wesley}
}